<?xml version="1.0" encoding="UTF-8" ?>
<record Numero="14009478" format="InterXMarc_Complet" type="Authority">
<leader>01084c0 au22000272  45  <Pos Code="0004">01084</Pos>
<Pos Code="05" Sens="notice modifiée">c</Pos>
<Pos Code="06" Sens="notice validée par les services d&apos;autorité">0</Pos>
<Pos Code="08" Sens="notice d&apos;autorité">a</Pos>
<Pos Code="09" Sens="titre uniforme musical (TUM)">u</Pos>
<Pos Code="10">2</Pos>
<Pos Code="11">2</Pos>
<Pos Code="1216">00027</Pos>
<Pos Code="17" Sens="autres cas">2</Pos>
<Pos Code="20">4</Pos>
<Pos Code="21">5</Pos>
</leader>
<controlfield tag="001">FRBNF140094784<Pos Code="0001">FR</Pos>
<Pos Code="0204">BNF</Pos>
<Pos Code="0512">14009478</Pos>
<Pos Code="13">4</Pos>
</controlfield>
<controlfield tag="008">980309130316yyger pm        1724                             010 <Pos Code="0001">98</Pos>
<Pos Code="0203">03</Pos>
<Pos Code="0405">09</Pos>
<Pos Code="0607">13</Pos>
<Pos Code="0809">03</Pos>
<Pos Code="1011">16</Pos>
<Pos Code="1213" Sens="ne s&apos;applique pas">yy</Pos>
<Pos Code="1416" Sens="allemand">ger</Pos>
<Pos Code="1820">pm </Pos>
<Pos Code="2831">1724</Pos>
<Pos Code="61" Sens="La vedette peut être liée à une notice bibliographique pour les accès signalétiques et/ou pour l&apos;accès matière RAMEAU">0</Pos>
<Pos Code="62" Sens="La vedette ne peut s&apos;employer qu&apos;en tête de vedette">1</Pos>
<Pos Code="63" Sens="La vedette n&apos;admet pas de subdivision géographique">0</Pos>
</controlfield>
<datafield tag="048" ind1=" " ind2=" ">
	<subfield code="b">va01<Pos Code="0001" Sens="voix - soprano">va</Pos>
<Pos Code="02">0</Pos>
<Pos Code="03">1</Pos>
</subfield>
	<subfield code="b">vc01<Pos Code="0001" Sens="voix - alto">vc</Pos>
<Pos Code="02">0</Pos>
<Pos Code="03">1</Pos>
</subfield>
	<subfield code="b">vd01<Pos Code="0001" Sens="voix - ténor">vd</Pos>
<Pos Code="02">0</Pos>
<Pos Code="03">1</Pos>
</subfield>
	<subfield code="b">vf01<Pos Code="0001" Sens="voix - basse">vf</Pos>
<Pos Code="02">0</Pos>
<Pos Code="03">1</Pos>
</subfield>
	<subfield code="a">ca01<Pos Code="0001" Sens="choeurs - mixte (4 voix SATB)">ca</Pos>
<Pos Code="02">0</Pos>
<Pos Code="03">1</Pos>
</subfield>
	<subfield code="a">oh01<Pos Code="0001" Sens="orchestre - orchestre XVIIe-XVIIIe s.">oh</Pos>
<Pos Code="02">0</Pos>
<Pos Code="03">1</Pos>
</subfield>
	<subfield code="a">zb01<Pos Code="0001" Sens="basse continue - instruments non spécifiés">zb</Pos>
<Pos Code="02">0</Pos>
<Pos Code="03">1</Pos>
</subfield>
</datafield>
<datafield tag="100" ind1=" " ind2=" ">
	<subfield code="3">11889790</subfield>
	<subfield code="w"> 0  b.....</subfield>
	<subfield code="a">Bach</subfield>
	<subfield code="m">Johann Sebastian</subfield>
	<subfield code="d">1685-1750</subfield>
</datafield>
<datafield tag="144" ind1="1" ind2=" ">
	<subfield code="w">....b.ger.</subfield>
	<subfield code="a">Johannespassion</subfield>
	<subfield code="k">BWV 245</subfield>
</datafield>
<datafield tag="302" ind1=" " ind2=" ">
	<subfield code="3">14784188</subfield>
	<subfield code="a">Bach</subfield>
	<subfield code="m">Johann Sebastian</subfield>
	<subfield code="d">1685-1750</subfield>
	<subfield code="t">[Johannespassion. BWV 245. No  7. Von den Strikken meiner Sünden]</subfield>
</datafield>
<datafield tag="302" ind1=" " ind2=" ">
	<subfield code="3">14787119</subfield>
	<subfield code="a">Bach</subfield>
	<subfield code="m">Johann Sebastian</subfield>
	<subfield code="d">1685-1750</subfield>
	<subfield code="t">[Johannespassion. BWV 245. No  39. Ruht wohl, ihr heiligen Gebeine]</subfield>
</datafield>
<datafield tag="302" ind1=" " ind2=" ">
	<subfield code="3">14715145</subfield>
	<subfield code="a">Bach</subfield>
	<subfield code="m">Johann Sebastian</subfield>
	<subfield code="d">1685-1750</subfield>
	<subfield code="t">[Johannespassion. BWV 245. No 40. Ach Herr, lass dein&apos; lieb&apos; Engelein]</subfield>
</datafield>
<datafield tag="444" ind1="1" ind2=" ">
	<subfield code="w">....b.fre.</subfield>
	<subfield code="a">Passion selon saint Jean</subfield>
	<subfield code="k">BWV 245</subfield>
</datafield>
<datafield tag="502" ind1=" " ind2=" ">
	<subfield code="3">14033680</subfield>
	<subfield code="a">Bach</subfield>
	<subfield code="m">Johann Sebastian</subfield>
	<subfield code="d">1685-1750</subfield>
	<subfield code="t">[Oratorios]</subfield>
</datafield>
<datafield tag="600" ind1=" " ind2=" ">
	<subfield code="a">Livret anonyme, en partie d&apos;après Barthold Heinrich Brockes</subfield>
	<subfield code="a">1re exécution : Leipzig, 7 avril 1724</subfield>
</datafield>
<datafield tag="610" ind1=" " ind2=" ">
	<subfield code="a">Schmieder</subfield>
</datafield>
<datafield tag="610" ind1=" " ind2=" ">
	<subfield code="a">Grove 6</subfield>
</datafield>
<datafield tag="624" ind1=" " ind2=" ">
	<subfield code="a">780<Pos Code="0002" Sens="Musique">780</Pos>
</subfield>
</datafield>
<datafield tag="907" ind1=" " ind2=" ">
	<subfield code="o">GEA</subfield>
	<subfield code="a">001050013</subfield>
</datafield>
<datafield tag="917" ind1=" " ind2=" ">
	<subfield code="o">OPL</subfield>
	<subfield code="a">002076986</subfield>
</datafield>
<datafield tag="917" ind1=" " ind2=" ">
	<subfield code="o">OPC</subfield>
	<subfield code="a">101484000</subfield>
</datafield>
<datafield tag="917" ind1=" " ind2=" ">
	<subfield code="o">OPD</subfield>
	<subfield code="a">100093330</subfield>
	<subfield code="b">ATUM</subfield>
</datafield>
<datafield tag="996" ind1=" " ind2=" ">
	<subfield code="o">OPP</subfield>
	<subfield code="a">14787098</subfield>
	<subfield code="d">20060517</subfield>
</datafield>
<datafield tag="996" ind1=" " ind2=" ">
	<subfield code="o">OPP</subfield>
	<subfield code="a">16303604</subfield>
	<subfield code="d">20130316</subfield>
</datafield>
<datafield tag="996" ind1=" " ind2=" ">
	<subfield code="o">OPP</subfield>
	<subfield code="a">16303605</subfield>
	<subfield code="d">20130316</subfield>
</datafield>
<Alter Ori="11889790">
<datafield tag="400" ind1=" " ind2=" ">
	<subfield code="w">. . b.....</subfield>
	<subfield code="a">Bach</subfield>
	<subfield code="m">Jean Sébastien</subfield>
	<subfield code="d">1685-1750</subfield>
</datafield>
</Alter>
<Attr Nom="IDPerenne">ark:/12148/cb14009478x</Attr>
<Attr Nom="NumSource">GEA 001050013</Attr>
<Attr Nom="Source" Sens="BnF catalogue général (depuis 1999)">A</Attr>
<Attr Nom="NumAutoriteLiee">1188979014784188147871191471514514033680</Attr>
<Attr Nom="DateCreation">09/03/ 1998</Attr>
<Attr Nom="ResponsableCreation">MIGV2</Attr>
<Attr Nom="StructCreation">1</Attr>
<Attr Nom="DateDerniereValidation">16/03/ 2013</Attr>
<Attr Nom="ResponsableDerniereValidation">SERRES CATHERINE</Attr>
<Attr Nom="StructPremiereValidation">1</Attr>
<Attr Nom="DatePremiereValidation">09/03/ 1998</Attr>
<Attr Nom="ResponsablePremiereValidation">MIGV2</Attr>
<Attr Nom="StructDerniereValidation">82</Attr>
<Attr Nom="NumSource" Rep="1">OPL 002076986</Attr>
<Attr Nom="NumSource" Rep="2">OPC 101484000</Attr>
<Attr Nom="NumSource" Rep="3">OPD 100093330</Attr>
<Attr Nom="NumSource" Rep="4">OPP 14787098</Attr>
<Attr Nom="NumSource" Rep="5">OPP 16303604</Attr>
<Attr Nom="NumSource" Rep="6">OPP 16303605</Attr>
</record>
